@article{cascio2019investing,
  title={Investing in People: Financial Impact of Human Resource Initiatives},
  author={Cascio, Wayne F and Boudreau, John W},
  journal={Society for Human Resource Management},
  year={2019},
  edition={3rd}
}

@article{jain2021employee,
  title={Predicting employee attrition using machine learning and data analytics techniques},
  author={Jain, Rajeev and Nayyar, Anand and Kumar, Rajesh},
  journal={Journal of Ambient Intelligence and Humanized Computing},
  volume={12},
  number={7},
  pages={7245--7260},
  year={2021},
  publisher={Springer}
}

@inproceedings{sisodia2018prediction,
  title={Evaluation of machine learning models for employee churn prediction},
  author={Sisodia, Dilip and Vishwakarma, Siddharth and Pujahari, Aditya},
  booktitle={Proceedings of the International Conference on Inventive Computing and Informatics (ICICI)},
  pages={1016--1020},
  year={2018},
  organization={IEEE}
}

@book{pyzdek2014six,
  title={The Six Sigma Handbook},
  author={Pyzdek, Thomas and Keller, Paul},
  year={2014},
  edition={4th},
  publisher={McGraw-Hill Education}
}

@inproceedings{zhao2021employee,
  title={Employee turnover prediction with machine learning: A reliable approach},
  author={Zhao, Yuxin and Hryniewicz, Maciej K and Cheng, Feng and Fu, Bojan and Zhu, Xingquan},
  booktitle={Proceedings of the International Symposium on Intelligent Data Analysis},
  pages={737--749},
  year={2021},
  organization={Springer}
}

@book{montgomery2019introduction,
  title={Introduction to Statistical Quality Control},
  author={Montgomery, Douglas C},
  year={2019},
  edition={8th},
  publisher={John Wiley \& Sons}
}

@book{fernandez2018learning,
  title={Learning from Imbalanced Data Sets},
  author={Fern{\'a}ndez, Alberto and Garc{\'i}a, Salvador and Galar, Mikel and Prati, Ronaldo C and Krawczyk, Bartosz and Herrera, Francisco},
  year={2018},
  publisher={Springer}
}

@article{chawla2002smote,
  title={SMOTE: Synthetic minority over-sampling technique},
  author={Chawla, Nitesh V and Bowyer, Kevin W and Hall, Lawrence O and Kegelmeyer, W Philip},
  journal={Journal of Artificial Intelligence Research},
  volume={16},
  pages={321--357},
  year={2002}
}

@inproceedings{elkan2001foundations,
  title={The foundations of cost-sensitive learning},
  author={Elkan, Charles},
  booktitle={Proceedings of the International Joint Conference on Artificial Intelligence (IJCAI)},
  volume={17},
  pages={973--978},
  year={2001}
}

@article{saito2015precision,
  title={The precision-recall plot is more informative than the ROC plot when evaluating binary classifiers on imbalanced datasets},
  author={Saito, Takaya and Rehmsmeier, Marc},
  journal={PLoS ONE},
  volume={10},
  number={3},
  pages={e0118432},
  year={2015},
  publisher={Public Library of Science}
}

@book{tayntor2003six,
  title={Six Sigma Software Development},
  author={Tayntor, Christine B},
  year={2003},
  publisher={CRC Press}
}

@book{pande2000six,
  title={The Six Sigma Way: How GE, Motorola, and Other Top Companies are Honing Their Performance},
  author={Pande, Peter S and Neuman, Robert P and Cavanagh, Roland R},
  year={2000},
  publisher={McGraw-Hill}
}

@inproceedings{saltz2015integrating,
  title={Integrating data science workflow with traditional SDLC},
  author={Saltz, Jeffrey S and Shamshurin, Ivan},
  booktitle={Proceedings of the IEEE International Conference on Big Data},
  pages={2984--2986},
  year={2015},
  organization={IEEE}
}

@inproceedings{lundberg2017unified,
  title={A unified approach to interpreting model predictions},
  author={Lundberg, Scott M and Lee, Su-In},
  booktitle={Advances in Neural Information Processing Systems},
  volume={30},
  year={2017}
}

@misc{ibm_hr_dataset,
  author = {{IBM}},
  title = {IBM HR Analytics Employee Attrition \& Performance},
  year = {2017},
  publisher = {Kaggle},
  howpublished = {\url{https://www.kaggle.com/datasets/pavansubhasht/ibm-hr-analytics-attrition-dataset}}
}
